% Encoding: UTF-8

@book{rawlings2017mpc,
  author    = {Rawlings, James Blake and Mayne, David Q and Diehl, Moritz},
  publisher = {Nob Hill Publishing Madison, WI},
  title     = {Model predictive control: theory, computation, and design},
  year      = {2017},
  volume    = {2},
}

@Article{Andersson2019casadi,
  author    = {Andersson, Joel AE and Gillis, Joris and Horn, Greg and Rawlings, James B and Diehl, Moritz},
  journal   = {Mathematical Programming Computation},
  title     = {CasADi: a software framework for nonlinear optimization and optimal control},
  year      = {2019},
  number    = {1},
  pages     = {1--36},
  volume    = {11},
  doi       = {10.1007/s12532-018-0139-4},
  publisher = {Springer},
}

@Article{Waechter2006ipopt,
  author    = {W{\"a}chter, Andreas and Biegler, Lorenz T},
  journal   = {Mathematical programming},
  title     = {On the implementation of an interior-point filter line-search algorithm for large-scale nonlinear programming},
  year      = {2006},
  number    = {1},
  pages     = {25--57},
  volume    = {106},
  publisher = {Springer},
}

@InProceedings{hoffmann2022degoc,
  author    = {Matthias K. Hoffmann and Giacomo Moretti and Gianluca Rizzello and Kathrin Fla√ükamp},
  booktitle = {10th Vienna International Converence on Mathematical Modelling},
  title     = {Multi-objective optimal control for energy extraction and lifetime maximisation in dielectric elastomer wave energy converters},
  year      = {2022},
  series    = {(accepted)},
}

@Comment{jabref-meta: databaseType:bibtex;}
